@article{doi:10.1126/science.aap9559,
  author={Soroush Vosoughi  and Deb Roy  and Sinan Aral }, 
  journal={Science}, 
  title={The spread of true and false news online}, 
  year={2021}, 
  volume={359}, 
  number={6380}, 
  pages={1146-1151}, 
  doi={10.1126/science.aap9559}, 
}

@article{2016_US_Presidential_election,
  author={Bessi, Alessandro and Ferrara, Emilio}, 
  journal={First Monday}, 
  title={Social bots distort the 2016 U.S. Presidential election online discussion}, 
  year={2016}, 
  volume={21}, 
  number={}, 
  pages={}, 
  doi={10.5210/fm.v21i11.7090}, 
}

@inproceedings{devlin-etal-2019-bert,
    author    = {Devlin, Jacob  and
      Chang, Ming-Wei  and
      Lee, Kenton  and
      Toutanova, Kristina},
    title     = {{BERT}: Pre-training of Deep Bidirectional Transformers for Language Understanding},
    booktitle = {Proceedings of the 2019 Conference of the North {A}merican Chapter of the Association for Computational Linguistics: Human Language Technologies, Volume 1 (Long and Short Papers)},
    month     = {June},
    year      = {2019},
    pages     = {4171-4186}
}

@inproceedings{DSSM,
    author    = {Elkahky, Ali Mamdouh and Song, Yang and He, Xiaodong},
    title     = {A Multi-View Deep Learning Approach for Cross Domain User Modeling in Recommendation Systems},
    doi = {10.1145/2736277.2741667},
    booktitle = {Proceedings of the 24th International Conference on World Wide Web},
    month     = {},
    year      = {2015},
    pages     = {278â€“288}
}
